<?xml version="1.0" encoding="UTF-8"?><collection xmlns="http://www.loc.gov/MARC21/slim"><record><leader>00587nam--2200181-i-4500</leader><controlfield tag="001">000046485</controlfield><controlfield tag="002">20161230</controlfield><controlfield tag="005">20161230201046</controlfield><controlfield tag="008">060222s1000------------r-----000-0-fre-d</controlfield><datafield ind1=" " ind2=" " tag="040"><subfield code="a">IFIN-HH</subfield></datafield><datafield ind1=" " ind2=" " tag="041"><subfield code="a">fre</subfield></datafield><datafield ind1=" " ind2=" " tag="080"><subfield code="a">537.311.33(043):536.7(043)</subfield></datafield><datafield ind1="1" ind2=" " tag="100"><subfield code="a">Viktorovitch, Pierre</subfield></datafield><datafield ind1="1" ind2="0" tag="245"><subfield code="a">Tension et conduction transversales dans un semiconducteur hors d`equilibre thermodynamique</subfield><subfield code="b">These</subfield><subfield code="c">Pierre viktorovitch</subfield></datafield><datafield ind1=" " ind2=" " tag="260"><subfield code="a">Grenoble</subfield><subfield code="b">L`Universite Scientifique Et Medicale De Grenoble</subfield><subfield code="c">1972</subfield></datafield><datafield ind1=" " ind2=" " tag="300"><subfield code="a">X+104 P</subfield></datafield><datafield ind1=" " ind2=" " tag="852"><subfield code="a">40724</subfield><subfield code="c">437.311.33</subfield></datafield><datafield ind1=" " ind2=" " tag="CAT"><subfield code="a">Sys</subfield><subfield code="c">20110721</subfield><subfield code="h">163736</subfield></datafield></record></collection>